@article{Tanaka2013Larger,
	author = {Tanaka, Satoshi and Ikeda, Hanako and Kasahara, Kazumi and Kato, Ryo and Tsubomi, Hiroyuki and Sugawara, Sho K. and Mori, Makoto and Hanakawa, Takashi and Sadato, Norihiro and Honda, Manabu and Watanabe, Katsumi and Greenfield, PM and Bavelier, D and Green, CS and Han, DH and Renshaw, PF and Merzenich, MM and Green, CS and Bavelier, D and Castel, AD and Pratt, J and Drummond, E and Green, CS and Bavelier, D and Green, CS and Bavelier, D and Green, CS and Bavelier, D and Green, CS and Bavelier, D and Dye, MW and Green, CS and Bavelier, D and Dye, MW and Green, CS and Bavelier, D and Karle, JW and Watter, S and Shedden, JM and Hubert-Wallander, B and Green, CS and Sugarman, M and Bavelier, D and Feng, J and Spence, I and Pratt, J and Boot, WR and Kramer, AF and Simons, DJ and Fabiani, M and Gratton, G and Colzato, LS and Wildenberg, WP van den and Zmigrod, S and Hommel, B and Griffith, JL and Voloschin, P and Gibb, GD and Bailey, JR and Boot, WR and Blakely, DP and Simons, DJ and Bavelier, D and Green, CS and Han, DH and Renshaw, PF and Merzenich, MM and Achtman, RL and Green, CS and Bavelier, D and Bavelier, D and Achtman, RL and Mani, M and Focker, J and Mishra, J and Zinni, M and Bavelier, D and Hillyard, SA and Kuhn, S and Romanowski, A and Schilling, C and Lorenz, R and Morsen, C and Bavelier, D and Achtman, RL and Mani, M and Focker, J and Ashburner, J and Friston, KJ and Maguire, EA and Gadian, DG and Johnsrude, IS and Good, CD and Ashburner, J and Gaser, C and Schlaug, G and Jäncke, L and Koeneke, S and Hoppe, A and Rominger, C and Hänggi, J and Hänggi, J and Koeneke, S and Bezzola, L and Jäncke, L and Hu, Y and Geng, F and Tao, L and Hu, N and Du, F and Wei, G and Zhang, Y and Jiang, T and Luo, J and Coull, JT and Frith, CD and Corbetta, M and Shulman, GL and Corbetta, M and Shulman, GL and Todd, JJ and Marois, R and Xu, Y and Chun, MM and Hänggi, J and Buchmann, A and Mondadori, CR and Henke, K and Jäncke, L and Halligan, PW and Fink, GR and Marshall, JC and Vallar, G and Luck, SJ and Vogel, EK and Ashburner, J and Tohka, J and Zijdenbos, A and Evans, A and Rajapakse, JC and Giedd, JN and Rapoport, JL and Cuadra, MB and Cammoun, L and Butz, T and Cuisenaire, O and Thiran, JP and Friston, KJ and Holmes, A and Poline, JB and Price, CJ and Frith, CD and Erickson, KI and Boot, WR and Basak, C and Neider, MB and Prakash, RS and Basak, C and Voss, MW and Erickson, KI and Boot, WR and Kramer, AF and Holmes, AP and Blair, RC and Watson, JD and Ford, I and Nichols, TE and Holmes, AP and Cusack, R and Lehmann, M and Veldsman, M and Mitchell, DJ and Fukuda, K and Vogel, EK and Fukuda, K and Vogel, EK and Linke, AC and Vicente-Grabovetsky, A and Mitchell, DJ and Cusack, R and Vogel, EK and McCollough, AW and Machizawa, MG and Draganski, B and Gaser, C and Busch, V and Schuierer, G and Bogdahn, U and Draganski, B and Gaser, C and Kempermann, G and Kuhn, HG and Winkler, J and Boyke, J and Driemeyer, J and Gaser, C and Buchel, C and May, A and Driemeyer, J and Boyke, J and Gaser, C and Buchel, C and May, A and Bezzola, L and Merillat, S and Gaser, C and Jancke, L and Schlickum, MK and Hedman, L and Enochsson, L and Kjellin, A and Felländer-Tsai, L and Li, RW and Ngo, C and Nguyen, J and Levi, DM},
	booktitle = {PLoS ONE},
	doi = {10.1371/journal.pone.0066998},
	issn = {1932-6203},
	journal = {PLoS ONE},
	month = 6,
	number = 6,
	pages = {e66998},
	publisher = {Public Library of Science},
	title = {Larger Right Posterior Parietal Volume in Action Video Game Experts: A Behavioral and Voxel-Based Morphometry (VBM) Study},
	url = {http://dx.plos.org/10.1371/journal.pone.0066998},
	urldate = {2016-12-10},
	volume = 8,
	year = 2013
}

@article{Achlioptas2007Fast,
	author = {Achlioptas, Dimitris and McSherry, Frank},
	booktitle = {Journal of the ACM},
	doi = {10.1145/1219092.1219097},
	issn = 00045411,
	journal = {Journal of the ACM},
	keywords = {Singular value decomposition,low rank approximation,sampling},
	month = 4,
	number = 2,
	pages = {9-es},
	title = {Fast computation of low-rank matrix approximations},
	url = {http://dl.acm.org/citation.cfm?id=1219092.1219097},
	urldate = {2012-03-01},
	volume = 54,
	year = 2007
}

@article{Knuth1974Computer,
	author = {Knuth, Donald E. and E., Donald},
	booktitle = {Communications of the ACM},
	doi = {10.1145/361604.361612},
	issn = 00010782,
	journal = {Communications of the ACM},
	month = 12,
	number = 12,
	pages = {667-673},
	publisher = {ACM},
	title = {Computer programming as an art},
	url = {http://portal.acm.org/citation.cfm?doid=361604.361612},
	urldate = {2016-12-07},
	volume = 17,
	year = 1974
}

@article{Maguire2006London,
	author = {Maguire, Eleanor A. and Woollett, Katherine and Spiers, Hugo J.},
	booktitle = {Hippocampus},
	doi = {10.1002/hipo.20233},
	issn = 10509631,
	journal = {Hippocampus},
	keywords = {Bus,Hippocampus,MRI,Memory,Taxi,VBM},
	month = 12,
	number = 12,
	pages = {1091-1101},
	title = {London taxi drivers and bus drivers: A structural MRI and neuropsychological analysis},
	url = {http://doi.wiley.com/10.1002/hipo.20233},
	volume = 16,
	year = 2006
}

@article{Kraus2010Music,
	author = {Kraus, Nina and Chandrasekaran, Bharath},
	booktitle = {Nature Reviews Neuroscience},
	doi = {10.1038/nrn2882},
	issn = {1471-003X},
	journal = {Nature Reviews Neuroscience},
	month = 8,
	number = 8,
	pages = {599-605},
	publisher = {Nature Publishing Group},
	title = {Music training for the development of auditory skills},
	url = {http://www.nature.com/doifinder/10.1038/nrn2882},
	urldate = {2016-12-07},
	volume = 11,
	year = 2010
}

@article{Sanju2016Enhanced,
	author = {Sanju, Himanshu Kumar and Kumar, Prawin},
	booktitle = {Journal of Otology},
	doi = {10.1016/j.joto.2016.04.002},
	issn = 16722930,
	journal = {Journal of Otology},
	number = 2,
	pages = {63-72},
	title = {Enhanced auditory evoked potentials in musicians: A review of recent findings},
	urldate = {2016-12-08},
	volume = 11,
	year = 2016
}

@article{Witek2014Syncopation,
	author = {Witek, Maria A G and Clarke, Eric F and Wallentin, Mikkel and Kringelbach, Morten L and Vuust, Peter},
	booktitle = {PloS one},
	doi = {10.1371/journal.pone.0094446},
	issn = {1932-6203},
	journal = {PloS one},
	number = 4,
	pages = {e94446},
	publisher = {Public Library of Science},
	title = {Syncopation, body-movement and pleasure in groove music.},
	url = {http://www.ncbi.nlm.nih.gov/pubmed/24740381,http://www.pubmedcentral.nih.gov/articlerender.fcgi?artid=PMC3989225},
	urldate = {2016-12-08},
	volume = 9,
	year = 2014
}

@incollection{Vuust2014Neural,
	author = {Vuust, Peter and Gebauer, Line K. and Witek, Maria A. G.},
	booktitle = {Advances in experimental medicine and biology},
	doi = {10.1007/978-1-4939-1782-2\_18},
	issn = {0065-2598},
	journal = {Advances in experimental medicine and biology},
	pages = {339-356},
	title = {Neural Underpinnings of Music: The Polyrhythmic Brain},
	url = {http://www.ncbi.nlm.nih.gov/pubmed/25358719,http://link.springer.com/10.1007/978-1-4939-1782-2_18},
	urldate = {2016-12-08},
	volume = 829,
	year = 2014
}

@article{Vuust2014Rhythmic,
	author = {Vuust, Peter and Witek, Maria A G},
	booktitle = {Frontiers in psychology},
	doi = {10.3389/fpsyg.2014.01111},
	journal = {Frontiers in psychology},
	keywords = {meter,pleasure,predictive coding,rhythm,rhythmic complexity},
	pages = 1111,
	publisher = {Frontiers Media SA},
	title = {Rhythmic complexity and predictive coding: a novel approach to modeling rhythm and meter perception in music.},
	url = {http://www.ncbi.nlm.nih.gov/pubmed/25324813,http://www.pubmedcentral.nih.gov/articlerender.fcgi?artid=PMC4181238},
	urldate = {2016-12-08},
	volume = 5,
	year = 2014
}

@article{Vuust2012Practiced,
	author = {Vuust, Peter and Brattico, Elvira and Seppänen, Miia and Näätänen, Risto and Tervaniemi, Mari},
	booktitle = {Annals of the New York Academy of Sciences},
	doi = {10.1111/j.1749-6632.2011.06409.x},
	issn = 00778923,
	journal = {Annals of the New York Academy of Sciences},
	month = 4,
	number = 1,
	pages = {139-146},
	title = {Practiced musical style shapes auditory skills},
	url = {http://www.ncbi.nlm.nih.gov/pubmed/22524351,http://doi.wiley.com/10.1111/j.1749-6632.2011.06409.x},
	urldate = {2016-12-08},
	volume = 1252,
	year = 2012
}

@unpublished{Vuust2011Tapping,
	author = {Vuust, Peter and Wallentin, Mikkel and Mouridsen, Kim and Østergaard, Leif and Roepstorff, Andreas},
	booktitle = {Neuroscience Letters},
	doi = {10.1016/j.neulet.2011.03.015},
	journal = {Neuroscience Letters},
	number = 3,
	pages = {211-216},
	title = {Tapping polyrhythms in music activates language areas},
	url = {https://www.ncbi.nlm.nih.gov/pubmed/21397659},
	urldate = {2016-12-08},
	volume = 494,
	year = 2011
}

@article{Vuust2006It,
	author = {Vuust, P. and Roepstorff, A. and Wallentin, M. and Mouridsen, K. and Østergaard, L.},
	booktitle = {NeuroImage},
	doi = {10.1016/j.neuroimage.2005.12.037},
	issn = 10538119,
	journal = {NeuroImage},
	month = 6,
	number = 2,
	pages = {832-841},
	title = {It don't mean a thing…},
	url = {http://www.ncbi.nlm.nih.gov/pubmed/16516496,http://linkinghub.elsevier.com/retrieve/pii/S1053811905025681},
	urldate = {2016-12-08},
	volume = 31,
	year = 2006
}

@inproceedings{Siegmund2014Understanding,
	address = {New York, New York, USA},
	author = {Siegmund, Janet and Kästner, Christian and Apel, Sven and Parnin, Chris and Bethmann, Anja and Leich, Thomas and Saake, Gunter and Brechmann, André},
	booktitle = {Proceedings of the 36th International Conference on Software Engineering - ICSE 2014},
	doi = {10.1145/2568225.2568252},
	journal = {Proceedings of the 36th International Conference on Software Engineering - ICSE 2014},
	keywords = {Functional magnetic resonance imaging,program comprehension},
	pages = {378-389},
	publisher = {ACM Press},
	title = {Understanding understanding source code with functional magnetic resonance imaging},
	url = {http://dl.acm.org/citation.cfm?doid=2568225.2568252},
	urldate = {2016-12-10},
	year = 2014
}

@inproceedings{Siegmund2012Toward,
	address = {New York, New York, USA},
	author = {Siegmund, Janet and Brechmann, André and Apel, Sven and Kästner, Christian and Liebig, Jörg and Leich, Thomas and Saake, Gunter},
	booktitle = {Proceedings of the ACM SIGSOFT 20th International Symposium on the Foundations of Software Engineering - FSE '12},
	doi = {10.1145/2393596.2393624},
	journal = {Proceedings of the ACM SIGSOFT 20th International Symposium on the Foundations of Software Engineering - FSE '12},
	keywords = {controlled experiments,fMRI,program comprehension},
	pages = 1,
	publisher = {ACM Press},
	title = {Toward measuring program comprehension with functional magnetic resonance imaging},
	url = {http://dl.acm.org/citation.cfm?doid=2393596.2393624},
	urldate = {2016-12-10},
	year = 2012
}

@misc{Siegmund2014Understandinga,
	author = {Siegmund, Janet and Kästner, Christian and Apel, Sven and Parnin, Chris and Bethmann, Anja and Brechmann, Andre},
	title = {Understanding Programmers' Brains with fMRI},
	url = {http://www.frontiersin.org/10.3389/conf.fninf.2014.18.00040/event_abstract},
	year = 2014
}

@misc{Parnin2014Scientists,
	author = {Parnin, Chris},
	booktitle = {The Huffington Post},
	journal = {The Huffington Post},
	title = {Scientists Begin Looking at Programmers' Brains: The Neuroscience of Programming},
	url = {http://www.huffingtonpost.com/chris-parnin/scientists-begin-looking-_b_4829981.html},
	year = 2014
}

@book{Knuth1973Art,
	author = {Knuth, Donald Ervin},
	publisher = {Addison-Wesley Pub. Co},
	title = {The art of computer programming},
	urldate = {2016-12-11},
	year = 1973
}
