@book{bringhurst:elements,
    author={Bringhurst, Robert},
    title={The Elements of Typographic Style},
    edition={version 3.2},
    publisher={Hartley \& Marks},
    location={Point Roberts, WA},
    date={2008}
}

@artwork{diablo:projector,
    author={Diablo, Mailer},
    title={Overhead Projector in Operation During a Classroom Lesson},
    institution={\href{https://commons.wikimedia.org/w/index.php?curid=525127}{Wikimedia Commons}},
    date={2006},
    note={CC-BY-SA 3.0}
}
